@misc{ahrens2005essentials,
  title={Essentials of Meteorology Essentials of Meteorology: An Invitation to the Atomosphere},
  author={Ahrens, CD},
  year={2005},
  publisher={Thomson Brooks/Cole Calif}
}

@article{armstrong1998effect,
  title={Effect of measurement error on epidemiological studies of environmental and occupational exposures.},
  author={Armstrong, Ben G},
  journal={Occupational and environmental medicine},
  volume={55},
  number={10},
  pages={651--656},
  year={1998},
  publisher={BMJ Publishing Group Ltd}
}


@article{altman2006cost,
  title={The cost of dichotomising continuous variables},
  author={Altman, Douglas G and Royston, Patrick},
  journal={Bmj},
  volume={332},
  number={7549},
  pages={1080},
  year={2006},
  publisher={British Medical Journal Publishing Group}
}


@book{aschengrau2013essentials,
  title={Essentials of epidemiology in public health},
  author={Aschengrau, Ann and Seage, George R},
  year={2013},
  publisher={Jones \& Bartlett Publishers}
}


@article{bayleyegn2006rapid,
  title={Rapid assessment of the needs and health status in Santa Rosa and Escambia counties, Florida, after Hurricane Ivan, September 2004},
  author={Bayleyegn, Tesfaye and Wolkin, Amy and Oberst, Kathleen and Young, Stacy and Sanchez, Carlos and Phelps, Annette and Schulte, Joann and Rubin, Carol and Batts, Dahna},
  journal={Disaster Management \& Response},
  volume={4},
  number={1},
  pages={12--18},
  year={2006},
  publisher={Elsevier}
}


@article{belasen2008hurricanes,
  title={How hurricanes affect wages and employment in local labor markets},
  author={Belasen, Ariel R and Polachek, Solomon W},
  journal={American Economic Review},
  volume={98},
  number={2},
  pages={49--53},
  year={2008}
}


@article{bevilacqua2020understanding,
  title={Understanding associations between Hurricane Harvey exposure and mental health symptoms among greater Houston-area residents},
  author={Bevilacqua, Kristin and Rasul, Rehana and Schneider, Samantha and Guzman, Maria and Nepal, Vishnu and Banerjee, Deborah and Schulte, Joann and Schwartz, Rebecca M},
  journal={Disaster medicine and public health preparedness},
  pages={1--8},
  year={2020},
  publisher={Cambridge University Press}
}


@article{bianchette2009ecological,
  title={Ecological impacts of Hurricane Ivan on the Gulf Coast of Alabama: A remote sensing study},
  author={Bianchette, TA and Liu, K-B and Lam, NS-N and Kiage, LM},
  journal={Journal of Coastal Research},
  pages={1622--1626},
  year={2009},
  publisher={JSTOR}
}


@article{bourque2006weathering,
  title={Weathering the storm: The impact of hurricanes on physical and mental health},
  author={Bourque, Linda B and Siegel, Judith M and Kano, Megumi and Wood, Michele M},
  journal={The Annals of the American Academy of Political and Social Science},
  volume={604},
  number={1},
  pages={129--151},
  year={2006},
  publisher={Sage Publications Sage CA: Thousand Oaks, CA}
}


@article{boose1994hurricane,
  title={Hurricane impacts to tropical and temperate forest landscapes},
  author={Boose, Emery R and Foster, David R and Fluet, Marcheterre},
  journal={Ecological Monographs},
  volume={64},
  number={4},
  pages={369--400},
  year={1994},
  publisher={Wiley Online Library}
}


@phdthesis{christopher2017effects,
  title={The Effects of Hurricane and Tornado Disasters on Pregnancy Outcomes},
  author={Christopher, Kenneth E},
  year={2017},
  school={Walden University}
}


@article{czajkowski2014wind,
  title={As the wind blows? Understanding hurricane damages at the local level through a case study analysis},
  author={Czajkowski, Jeffrey and Done, James},
  journal={Weather, climate, and society},
  volume={6},
  number={2},
  pages={202--217},
  year={2014}
}


@article{deryugina2018economic,
  title={The economic impact of hurricane katrina on its victims: evidence from individual tax returns},
  author={Deryugina, Tatyana and Kawano, Laura and Levitt, Steven},
  journal={American Economic Journal: Applied Economics},
  volume={10},
  number={2},
  pages={202--33},
  year={2018}
}


@article{deryugina2017fiscal,
  title={The fiscal cost of hurricanes: Disaster aid versus social insurance},
  author={Deryugina, Tatyana},
  journal={American Economic Journal: Economic Policy},
  volume={9},
  number={3},
  pages={168--98},
  year={2017}
}


@article{east2008monitoring,
  title={Monitoring inland storm surge and flooding from Hurricane Ike in Texas and Louisiana, September 2008},
  author={East, Jeffery W and Turco, Michael J and Mason Jr, Robert R},
  journal={surge},
  volume={29},
  pages={95--20833},
  year={2008}
}


@article{ferdinand2005hurricane,
  title={The Hurricane Katrina disaster: focus on the hypertensive patient},
  author={Ferdinand, Keith C},
  journal={The Journal of Clinical Hypertension},
  volume={7},
  number={11},
  pages={679--680},
  year={2005},
  publisher={Wiley Online Library}
}


@article{gaddis2007full,
  title={Full-cost accounting of coastal disasters in the United States: Implications for planning and preparedness},
  author={Gaddis, Erica Brown and Miles, Brian and Morse, Stephanie and Lewis, Debby},
  journal={Ecological Economics},
  volume={63},
  number={2-3},
  pages={307--318},
  year={2007},
  publisher={Elsevier}
}


@article{gan2017comparison,
  title={Comparison of wildfire smoke estimation methods and associations with cardiopulmonary-related hospital admissions},
  author={Gan, Ryan W and Ford, Bonne and Lassman, William and Pfister, Gabriele and Vaidyanathan, Ambarish and Fischer, Emily and Volckens, John and Pierce, Jeffrey R and Magzamen, Sheryl},
  journal={GeoHealth},
  volume={1},
  number={3},
  pages={122--136},
  year={2017},
  publisher={Wiley Online Library}
}


@article{goldmann2014mental,
  title={Mental health consequences of disasters},
  author={Goldmann, Emily and Galea, Sandro},
  journal={Annual review of public health},
  volume={35},
  pages={169--183},
  year={2014},
  publisher={Annual Reviews}
}


@article{grabich2016hurricane,
  title={Hurricane Charley exposure and hazard of preterm delivery, Florida 2004},
  author={Grabich, Shannon C and Robinson, Whitney R and Engel, Stephanie M and Konrad, Charles E and Richardson, David B and Horney, Jennifer A},
  journal={Maternal and child health journal},
  volume={20},
  number={12},
  pages={2474--2482},
  year={2016},
  publisher={Springer}
}


@article{grabich2016measuring,
  title={Measuring the storm: Methods of quantifying hurricane exposure with pregnancy outcomes},
  author={Grabich, SC and Horney, J and Konrad, C and Lobdell, DT},
  journal={Natural Hazards Review},
  volume={17},
  number={1},
  pages={06015002},
  year={2016},
  publisher={American Society of Civil Engineers}
}


@article{grech2015hurricane,
  title={Hurricane Katrina: influence on the male-to-female birth ratio},
  author={Grech, Victor and Scherb, Hagen},
  journal={Medical principles and practice},
  volume={24},
  number={5},
  pages={477--485},
  year={2015},
  publisher={Karger Publishers}
}


@article{greenland1989ecological,
  title={Ecological bias, confounding, and effect modification},
  author={Greenland, Sander and Morgenstern, Hal},
  journal={International journal of epidemiology},
  volume={18},
  number={1},
  pages={269--274},
  year={1989},
  publisher={Oxford University Press}
}


@article{greenland1994invited,
  title={Invited commentary: ecologic studies---biases, misconceptions, and counterexamples},
  author={Greenland, Sander and Robins, James},
  journal={American Journal of Epidemiology},
  volume={139},
  number={8},
  pages={747--760},
  year={1994},
  publisher={Oxford University Press}
}


@article{hagy2006effects,
  title={Effects of hurricane Ivan on water quality in Pensacola Bay, Florida},
  author={Hagy, James D and Lehrter, John C and Murrell, Michael C},
  journal={Estuaries and Coasts},
  volume={29},
  number={6},
  pages={919--925},
  year={2006},
  publisher={Springer}
}


@article{harville2018cumulative,
  title={Cumulative effects of the Gulf oil spill and other disasters on mental health among reproductive-aged women: The Gulf Resilience on Women's Health study.},
  author={Harville, Emily W and Shankar, Arti and Dunkel Schetter, Christine and Lichtveld, Maureen},
  journal={Psychological Trauma: Theory, Research, Practice, and Policy},
  volume={10},
  number={5},
  pages={533},
  year={2018},
  publisher={Educational Publishing Foundation}
}


@article{harville2010population,
  title={Population changes, racial/ethnic disparities, and birth outcomes in Louisiana after Hurricane Katrina},
  author={Harville, Emily W and Tran, Tri and Xiong, Xu and Buekens, Pierre},
  journal={Disaster medicine and public health preparedness},
  volume={4},
  number={S1},
  pages={S39--S45},
  year={2010},
  publisher={Cambridge University Press}
}


@article{huang2001long,
  title={Long-term hurricane risk assessment and expected damage to residential structures},
  author={Huang, Zhigang and Rosowsky, David V and Sparks, Peter R},
  journal={Reliability engineering \& system safety},
  volume={74},
  number={3},
  pages={239--249},
  year={2001},
  publisher={Elsevier}
}


@article{idrovo2011three,
  title={Three criteria for ecological fallacy},
  author={Idrovo, Alvaro J},
  journal={Environmental health perspectives},
  volume={119},
  number={8},
  pages={a332--a332},
  year={2011},
  publisher={National Institute of Environmental Health Sciences}
}


@article{jaycox2010children,
  title={Children's mental health care following Hurricane Katrina: A field trial of trauma-focused psychotherapies},
  author={Jaycox, Lisa H and Cohen, Judith A and Mannarino, Anthony P and Walker, Douglas W and Langley, Audra K and Gegenheimer, Kate L and Scott, Molly and Schonlau, Matthias},
  journal={Journal of Traumatic Stress: Official Publication of The International Society for Traumatic Stress Studies},
  volume={23},
  number={2},
  pages={223--231},
  year={2010},
  publisher={Wiley Online Library}
}


@article{kinney2008autism,
  title={Autism prevalence following prenatal exposure to hurricanes and tropical storms in Louisiana},
  author={Kinney, Dennis K and Miller, Andrea M and Crowley, David J and Huang, Emerald and Gerber, Erika},
  journal={Journal of autism and developmental disorders},
  volume={38},
  number={3},
  pages={481--488},
  year={2008},
  publisher={Springer}
}


@article{klotzbach2018continental,
  title={Continental US hurricane landfall frequency and associated damage: Observations and future risks},
  author={Klotzbach, Philip J and Bowen, Steven G and Pielke Jr, Roger and Bell, Michael},
  journal={Bulletin of the American Meteorological Society},
  volume={99},
  number={7},
  pages={1359--1376},
  year={2018}
}


@article{kim2009health,
  title={Health effects of long-term air pollution: influence of exposure prediction methods},
  author={Kim, Sun-Young and Sheppard, Lianne and Kim, Ho},
  journal={Epidemiology},
  pages={442--450},
  year={2009},
  publisher={JSTOR}
}


@article{lane2013health,
  title={Health effects of coastal storms and flooding in urban areas: a review and vulnerability assessment},
  author={Lane, Kathryn and Charles-Guzman, Kizzy and Wheeler, Katherine and Abid, Zaynah and Graber, Nathan and Matte, Thomas},
  journal={Journal of environmental and public health},
  volume={2013},
  year={2013},
  publisher={Hindawi}
}


@article{lassman2017spatial,
  title={Spatial and temporal estimates of population exposure to wildfire smoke during the Washington state 2012 wildfire season using blended model, satellite, and in situ data},
  author={Lassman, William and Ford, Bonne and Gan, Ryan W and Pfister, Gabriele and Magzamen, Sheryl and Fischer, Emily V and Pierce, Jeffrey R},
  journal={GeoHealth},
  volume={1},
  number={3},
  pages={106--121},
  year={2017},
  publisher={Wiley Online Library}
}


@misc{levy2004measurement,
  title={Measurement error and misclassification in statistics and epidemiology: impacts and bayesian adjustments},
  author={Levy, Paul S},
  year={2004},
  publisher={Oxford University Press}
}


@article{li2014spatial,
  title={Spatial interpolation methods applied in the environmental sciences: A review},
  author={Li, Jin and Heap, Andrew D},
  journal={Environmental Modelling \& Software},
  volume={53},
  pages={173--189},
  year={2014},
  publisher={Elsevier}
}


@article{li2018novel,
  title={A novel approach to leveraging social media for rapid flood mapping: a case study of the 2015 South Carolina floods},
  author={Li, Zhenlong and Wang, Cuizhen and Emrich, Christopher T and Guo, Diansheng},
  journal={Cartography and Geographic Information Science},
  volume={45},
  number={2},
  pages={97--110},
  year={2018},
  publisher={Taylor \& Francis}
}

@article{liang2013time,
  title={Time-space Kriging to address the spatiotemporal misalignment in the large datasets},
  author={Liang, Dong and Kumar, Naresh},
  journal={Atmospheric Environment},
  volume={72},
  pages={60--69},
  year={2013},
  publisher={Elsevier}
}


@article{lieberman2017self,
  title={Self-reported and FEMA flood exposure assessment after Hurricane Sandy: association with mental health outcomes},
  author={Lieberman-Cribbin, Wil and Liu, Bian and Schneider, Samantha and Schwartz, Rebecca and Taioli, Emanuela},
  journal={PLoS One},
  volume={12},
  number={1},
  pages={e0170965},
  year={2017},
  publisher={Public Library of Science}
}


@incollection{liu2019spatial,
  title={Spatial and spatio-temporal analysis of precipitation data from South Carolina},
  author={Liu, Haigang and Hitchcock, David B and Samadi, S Zahra},
  booktitle={Modern Statistical Methods for Spatial and Multivariate Data},
  pages={31--50},
  year={2019},
  publisher={Springer}
}


@article{moftakhari2017cumulative,
  title={Cumulative hazard: The case of nuisance flooding},
  author={Moftakhari, Hamed R and AghaKouchak, Amir and Sanders, Brett F and Matthew, Richard A},
  journal={Earth's Future},
  volume={5},
  number={2},
  pages={214--223},
  year={2017},
  publisher={Wiley Online Library}
}


@article{naggara2011analysis,
  title={Analysis by categorizing or dichotomizing continuous variables is inadvisable: an example from the natural history of unruptured aneurysms},
  author={Naggara, O and Raymond, J and Guilbert, F and Roy, D and Weill, A and Altman, Douglas G},
  journal={American Journal of Neuroradiology},
  volume={32},
  number={3},
  pages={437--440},
  year={2011},
  publisher={Am Soc Neuroradiology}
}


@article{narita2009damage,
  title={Damage costs of climate change through intensification of tropical cyclone activities: an application of FUND},
  author={Narita, Daiju and Tol, Richard SJ and Anthoff, David},
  journal={Climate Research},
  volume={39},
  number={2},
  pages={87--97},
  year={2009}
}


@article{nordhaus2010economics,
  title={The economics of hurricanes and implications of global warming},
  author={Nordhaus, William D},
  journal={Climate Change Economics},
  volume={1},
  number={01},
  pages={1--20},
  year={2010},
  publisher={World Scientific}
}


@article{parks2021tropical,
  title={Tropical cyclone exposure is associated with increased hospitalization rates in older adults},
  author={Parks, Robbie M and Anderson, G Brooke and Nethery, Rachel C and Navas-Acien, Ana and Dominici, Francesca and Kioumourtzoglou, Marianthi-Anna},
  journal={Nature Communications},
  volume={12},
  number={1},
  pages={1--12},
  year={2021},
  publisher={Nature Publishing Group}
}


@misc{pearce2000ecological,
  title={The ecological fallacy strikes back},
  author={Pearce, Neil},
  year={2000},
  publisher={BMJ Publishing Group Ltd}
}


@article{pistrika2010damage,
  title={Damage to residential buildings due to flooding of New Orleans after hurricane Katrina},
  author={Pistrika, Aimilia K and Jonkman, Sebastiaan N},
  journal={Natural Hazards},
  volume={54},
  number={2},
  pages={413--434},
  year={2010},
  publisher={Springer}
}


@article{portnov2007ecological,
  title={On ecological fallacy, assessment errors stemming from misguided variable selection, and the effect of aggregation on the outcome of epidemiological study},
  author={Portnov, Boris A and Dubnov, Jonathan and Barchana, Micha},
  journal={Journal of exposure science \& environmental epidemiology},
  volume={17},
  number={1},
  pages={106--121},
  year={2007},
  publisher={Nature Publishing Group}
}


@article{pugatch2019tropical,
  title={Tropical storms and mortality under climate change},
  author={Pugatch, Todd},
  journal={World Development},
  volume={117},
  pages={172--182},
  year={2019},
  publisher={Elsevier}
}


@article{ryan2015analyzing,
  title={Analyzing the impact of severe tropical Cyclone Yasi on public health infrastructure and the management of noncommunicable diseases},
  author={Ryan, Benjamin J and Franklin, Richard C and Burkle, Frederick M and Watt, Kerrianne and Aitken, Peter and Smith, Erin C and Leggat, Peter},
  journal={Prehospital and disaster medicine},
  volume={30},
  number={1},
  pages={28--37},
  year={2015},
  publisher={Cambridge University Press}
}


@article{scaramutti2019mental,
  title={The mental health impact of Hurricane Maria on Puerto Ricans in Puerto Rico and Florida},
  author={Scaramutti, Carolina and Salas-Wright, Christopher P and Vos, Saskia R and Schwartz, Seth J},
  journal={Disaster medicine and public health preparedness},
  volume={13},
  number={1},
  pages={24--27},
  year={2019},
  publisher={Cambridge University Press}
}


@article{sedgwick2014ecological,
  title={Ecological studies: advantages and disadvantages},
  author={Sedgwick, Philip},
  journal={Bmj},
  volume={348},
  year={2014},
  publisher={British Medical Journal Publishing Group}
}


@article{shao2017understanding,
  title={Understanding perceptions of changing hurricane strength along the US Gulf coast},
  author={Shao, Wanyun and Xian, Siyuan and Keim, Barry D and Goidel, Kirby and Lin, Ning},
  journal={International Journal of Climatology},
  volume={37},
  number={4},
  pages={1716--1727},
  year={2017},
  publisher={Wiley Online Library}
}


@article{shao2017understanding,
  title={Understanding the effects of past flood events and perceived and estimated flood risks on individuals' voluntary flood insurance purchase behavior},
  author={Shao, Wanyun and Xian, Siyuan and Lin, Ning and Kunreuther, Howard and Jackson, Nida and Goidel, Kirby},
  journal={Water research},
  volume={108},
  pages={391--400},
  year={2017},
  publisher={Elsevier}
}


@article{schwartz2018preliminary,
  title={Preliminary assessment of Hurricane Harvey exposures and mental health impact},
  author={Schwartz, Rebecca M and Tuminello, Stephanie and Kerath, Samantha M and Rios, Janelle and Lieberman-Cribbin, Wil and Taioli, Emanuela},
  journal={International journal of environmental research and public health},
  volume={15},
  number={5},
  pages={974},
  year={2018},
  publisher={Multidisciplinary Digital Publishing Institute}
}


@article{strobl2011economic,
  title={The economic growth impact of hurricanes: Evidence from US coastal counties},
  author={Strobl, Eric},
  journal={Review of Economics and Statistics},
  volume={93},
  number={2},
  pages={575--589},
  year={2011},
  publisher={MIT Press}
}


@article{taylor2010saffir,
  title={The Saffir-Simpson hurricane wind scale},
  author={Taylor, Harvey Thurm and Ward, Bill and Willis, Mark and Zaleski, Walt},
  journal={Atmospheric Administration: Washington, DC, USA},
  year={2010}
}


@article{van2008leave,
  title={Leave'em alone-why continuous variables should be analyzed as such},
  author={Van Walraven, Carl and Hart, Robert G},
  journal={Neuroepidemiology},
  volume={30},
  number={3},
  pages={138},
  year={2008},
  publisher={S. Karger AG}
}

@article{wakefield2006health,
  title={Health-exposure modeling and the ecological fallacy},
  author={Wakefield, Jon and Shaddick, Gavin},
  journal={Biostatistics},
  volume={7},
  number={3},
  pages={438--455},
  year={2006},
  publisher={Oxford University Press}
}
  
@article{wakefield2008overcoming,
  title={Overcoming ecologic bias using the two-phase study design},
  author={Wakefield, Jon and Haneuse, Sebastien J-PA},
  journal={American journal of epidemiology},
  volume={167},
  number={8},
  pages={908--916},
  year={2008},
  publisher={Oxford University Press}
}


@article{willison2019quantifying,
  title={Quantifying inequities in US federal response to hurricane disaster in Texas and Florida compared with Puerto Rico},
  author={Willison, Charley E and Singer, Phillip M and Creary, Melissa S and Greer, Scott L},
  journal={BMJ global health},
  volume={4},
  number={1},
  year={2019},
  publisher={BMJ Specialist Journals}
}


@article{webster2005changes,
  title={Changes in tropical cyclone number, duration, and intensity in a warming environment},
  author={Webster, Peter J and Holland, Greg J and Curry, Judith A and Chang, H-R},
  journal={Science},
  volume={309},
  number={5742},
  pages={1844--1846},
  year={2005},
  publisher={American Association for the Advancement of Science}
}


@article{xian2018brief,
  title={Brief communication: Rapid assessment of damaged residential buildings in the Florida Keys after Hurricane Irma},
  author={Xian, Siyuan and Feng, Kairui and Lin, Ning and Marsooli, Reza and Chavas, Daniel and Chen, Jie and Hatzikyriakou, Adam},
  journal={Natural Hazards and Earth System Sciences},
  volume={18},
  number={7},
  year={2018}
}

%Go back to link in email for more accurate info on bibliography, especially authors. 
@article{yan2020tropical,
  title={Tropical cyclone exposure and risk of emergency {Medicare} hospital admissions for cardiorespiratory diseases in 175 {United States} counties, 1999-2010},
  author={Yan, M and Anderson, G and Wilson, A and Dominici, F and Wang, Y and Al-Hamdan, M and Crosson, W and Schumacher, A and Guikema, S and Peng, R and Anderson others},
  journal={Epidemiology},
  volume={{In Press}},
  year={2020},
  publisher={LWW}
}


@article{xian2017optimal,
  title={Optimal house elevation for reducing flood-related losses},
  author={Xian, Siyuan and Lin, Ning and Kunreuther, Howard},
  journal={Journal of hydrology},
  volume={548},
  pages={63--74},
  year={2017},
  publisher={Elsevier}
}


@article{xian2015storm,
  title={Storm surge damage to residential areas: a quantitative analysis for Hurricane Sandy in comparison with FEMA flood map},
  author={Xian, Siyuan and Lin, Ning and Hatzikyriakou, Adam},
  journal={Natural Hazards},
  volume={79},
  number={3},
  pages={1867--1888},
  year={2015},
  publisher={Springer}
}


@article{zahran2011economics,
  title={Economics of disaster risk, social vulnerability, and mental health resilience},
  author={Zahran, Sammy and Peek, Lori and Snodgrass, Jeffrey G and Weiler, Stephan and Hempel, Lynn},
  journal={Risk Analysis: An International Journal},
  volume={31},
  number={7},
  pages={1107--1119},
  year={2011},
  publisher={Wiley Online Library}
}


@article{zahran2013daily,
  title={Daily variation in natural disaster casualties: Information flows, safety, and opportunity costs in tornado versus hurricane strikes},
  author={Zahran, Sammy and Tavani, Daniele and Weiler, Stephan},
  journal={Risk analysis},
  volume={33},
  number={7},
  pages={1265--1280},
  year={2013},
  publisher={Wiley Online Library}
}

@misc{prokopec_estes_fitzpatrick_nielsen,
  url={https://www.usgs.gov/mission-areas/water-resources/science/flood-inundation-mapping-fim-program?qt-science_center_objects=0#qt-science_center_objects},
  journal={Flood Inundation Mapping (FIM) Program}, 
  publisher={United States Geological Survey}, 
  author={Prokopec, Julia and Estes, Nicholas and Fitzpatrick, Faith and Nielsen, Joseph}
}

