@article{armstrong1998effect,
  title={Effect of measurement error on epidemiological studies of environmental and occupational exposures.},
  author={Armstrong, Ben G},
  journal={Occupational and environmental medicine},
  volume={55},
  number={10},
  pages={651--656},
  year={1998},
  publisher={BMJ Publishing Group Ltd}
}

@article{spiegelman2010approaches,
  title={Approaches to uncertainty in exposure assessment in environmental epidemiology},
  author={Spiegelman, Donna},
  journal={Annual review of public health},
  volume={31},
  pages={149--163},
  year={2010},
  publisher={Annual Reviews}
}

